@article{Alin2010,
  title   = {Multicollinearity},
  author  = {Alin, Aylin},
  year    = {2010},
  journal = {WIREs Computational Statistics},
  volume  = {2},
  number  = {3},
  pages   = {370--374},
  issn    = {1939-0068},
  doi     = {10.1002/wics.84},
  urldate = {2023-12-22},
  langid  = {english}
}

@article{Bergmeir2018,
  title   = {A {{Note}} on the {{Validity}} of {{Cross-validation}} for {{Evaluating Autoregressive Time Series Prediction}}},
  author  = {Bergmeir, Christoph and Hyndman, Rob J. and Koo, Bonsoo},
  year    = {2018},
  month   = apr,
  journal = {Computational Statistics \& Data Analysis},
  volume  = {120},
  pages   = {70--83},
  issn    = {0167-9473},
  doi     = {10.1016/j.csda.2017.11.003},
  urldate = {2023-12-20}
}

@article{Bojer2021,
  title      = {Kaggle {{Forecasting Competitions}}: {{An Overlooked Learning Opportunity}}},
  shorttitle = {Kaggle forecasting competitions},
  author     = {Bojer, Casper Solheim and Meldgaard, Jens Peder},
  year       = {2021},
  month      = apr,
  journal    = {International Journal of Forecasting},
  volume     = {37},
  number     = {2},
  pages      = {587--603},
  issn       = {01692070},
  doi        = {10.1016/j.ijforecast.2020.07.007},
  urldate    = {2023-12-22},
  langid     = {english}
}

@inproceedings{Buitinck2013,
  title      = {{{API Design}} for {{Machine Learning Software}}: {{Experiences}} from the scikit-learn {{Project}}},
  shorttitle = {{{API Design}} for {{Machine Learning Software}}},
  booktitle  = {{{ECML}}/{{PKDD}} 2013 {{Workshop}}: {{Languages}} for {{Data Mining}} and {{Machine Learning}}},
  author     = {Buitinck, Lars and Louppe, Gilles and Blondel, Mathieu},
  year       = {2013},
  month      = sep,
  urldate    = {2023-12-21},
  langid     = {english}
}

@book{Flach2012,
  title      = {Machine {{Learning}}: {{The Art}} and {{Science}} of {{Algorithms}} that {{Make Sense}} of {{Data}}},
  shorttitle = {Machine {{Learning}}},
  author     = {Flach, Peter},
  year       = {2012},
  month      = sep,
  edition    = {1},
  publisher  = {{Cambridge University Press}},
  address    = {{Cambridge, UK}},
  doi        = {10.1017/CBO9780511973000},
  urldate    = {2023-10-06},
  isbn       = {978-1-107-09639-4},
  langid     = {english}
}

@inproceedings{Ke2017,
  title      = {{{LightGBM}}: {{A Highly Efficient Gradient Boosting Decision Tree}}},
  shorttitle = {{{LightGBM}}},
  booktitle  = {Advances in {{Neural Information Processing Systems}} 30 ({{NIPS}} 2017)},
  author     = {Ke, Guolin and Meng, Qi and Finley, Thomas and Wang, Taifeng and Chen, Wei and Ma, Weidong and Ye, Qiwei and Liu, Tie-Yan},
  editor     = {Guyon, I. and Von Luxburg, U. and Bengio, S. and Wallach, H. and Fergus, R. and Vishwanathan, S. and Garnett, R.},
  year       = {2017},
  volume     = {30},
  publisher  = {{Curran Associates}},
  urldate    = {2023-11-19}
}

@article{Pedregosa2011,
  title   = {Scikit-learn: {{Machine Learning}} in {{Python}}},
  author  = {Pedregosa, Fabian and Varoquaux, Gael and Gramfort, Alexandre and Michel, Vincent and Thirion, Bertrand and Grisel, Olivier and Blondel, Mathieu and Prettenhofer, Peter and Weiss, Ron and Dubourg, Vincent and Vanderplas, Jake and Passos, Alexandre and Cournapeau, David},
  year    = {2011},
  journal = {The Journal of Machine Learning Research},
  volume  = {12},
  pages   = {2825--2830},
  langid  = {english}
}

@article{Wolpert1992,
  title   = {Stacked {{Generalization}}},
  author  = {Wolpert, David H.},
  year    = {1992},
  month   = jan,
  journal = {Neural Networks},
  volume  = {5},
  number  = {2},
  pages   = {241--259},
  issn    = {0893-6080},
  doi     = {10.1016/S0893-6080(05)80023-1},
  urldate = {2023-12-29}
}
